
@article{smith19,
   author = {J. Smith},
   title = {{This is just an example}}, 
   journal= {Communications of the ACM},
   volume = {17},
   number = {7},
   month = {July},
   year = 2019
}

